%% report.bib - contains BiBtex input for bibliography

@article{taylor2011major,
  title={The major cause of multiple sclerosis is environmental: genetics has a minor role-Yes},
  author={Taylor, Bruce V},
  journal={Multiple Sclerosis Journal},
  volume={17},
  number={10},
  pages={1171--1173},
  year={2011},
  publisher={Sage Publications}
}

@article{miller1998role,
  title={The role of magnetic resonance techniques in understanding and managing multiple sclerosis.},
  author={Miller, DH and Grossman, RI and Reingold, SC and McFarland, HF},
  journal={Brain},
  volume={121},
  number={1},
  pages={3--24},
  year={1998},
  publisher={Oxford Univ Press}
}

@article{meier2003time,
  title={Time-series analysis of MRI intensity patterns in multiple sclerosis},
  author={Meier, Dominik S and Guttmann, Charles RG},
  journal={NeuroImage},
  volume={20},
  number={2},
  pages={1193--1209},
  year={2003},
  publisher={Elsevier}
}

@article{cotton2003mri,
  title={MRI contrast uptake in new lesions in relapsing-remitting MS followed at weekly intervals},
  author={Cotton, Francois and Weiner, Howard L and Jolesz, Ferenc A and Guttmann, Charles RG},
  journal={Neurology},
  volume={60},
  number={4},
  pages={640--646},
  year={2003},
  publisher={AAN Enterprises}
}

@article{lassmann2003hypoxia,
  title={Hypoxia-like tissue injury as a component of multiple sclerosis lesions},
  author={Lassmann, Hans},
  journal={Journal of the neurological sciences},
  volume={206},
  number={2},
  pages={187--191},
  year={2003},
  publisher={Elsevier}
}

@article{ge2005dynamic,
  title={Dynamic susceptibility contrast perfusion MR imaging of multiple sclerosis lesions: characterizing hemodynamic impairment and inflammatory activity},
  author={Ge, Yulin and Law, Meng and Johnson, Glyn and Herbert, Joseph and Babb, James S and Mannon, Lois J and Grossman, Robert I},
  journal={American Journal of Neuroradiology},
  volume={26},
  number={6},
  pages={1539--1547},
  year={2005},
  publisher={Am Soc Neuroradiology}
}

@article{wolswijk2000oligodendrocyte,
  title={Oligodendrocyte survival, loss and birth in lesions of chronic-stage multiple sclerosis},
  author={Wolswijk, Guus},
  journal={Brain},
  volume={123},
  number={1},
  pages={105--115},
  year={2000},
  publisher={Oxford Univ Press}
}

@article{chang2002premyelinating,
  title={Premyelinating oligodendrocytes in chronic lesions of multiple sclerosis},
  author={Chang, Ansi and Tourtellotte, Wallace W and Rudick, Richard and Trapp, Bruce D},
  journal={New England Journal of Medicine},
  volume={346},
  number={3},
  pages={165--173},
  year={2002},
  publisher={Mass Medical Soc}
}

@inproceedings{brosch2015deep,
  title={Deep convolutional encoder networks for multiple sclerosis lesion segmentation},
  author={Brosch, Tom and Yoo, Youngjin and Tang, Lisa YW and Li, David KB and Traboulsee, Anthony and Tam, Roger},
  booktitle={International Conference on Medical Image Computing and Computer-Assisted Intervention},
  pages={3--11},
  year={2015},
  organization={Springer}
}

@inproceedings{yoo2014deep,
  title={Deep learning of image features from unlabeled data for multiple sclerosis lesion segmentation},
  author={Yoo, Youngjin and Brosch, Tom and Traboulsee, Anthony and Li, David KB and Tam, Roger},
  booktitle={International Workshop on Machine Learning in Medical Imaging},
  pages={117--124},
  year={2014},
  organization={Springer}
}
@article{simon2006standardized,
  title={Standardized MR imaging protocol for multiple sclerosis: Consortium of MS Centers consensus guidelines},
  author={Simon, JH and Li, D and Traboulsee, A and Coyle, PK and Arnold, DL and Barkhof, F and Frank, JA and Grossman, R and Paty, DW and Radue, EW and others},
  journal={American Journal of Neuroradiology},
  volume={27},
  number={2},
  pages={455--461},
  year={2006},
  publisher={Am Soc Neuroradiology}
}

@article{najafabadi2015deep,
  title={Deep learning applications and challenges in big data analytics},
  author={Najafabadi, Maryam M and Villanustre, Flavio and Khoshgoftaar, Taghi M and Seliya, Naeem and Wald, Randall and Muharemagic, Edin},
  journal={Journal of Big Data},
  volume={2},
  number={1},
  pages={1},
  year={2015},
  publisher={Springer International Publishing}
}

@article{scikit-learn,
 title={Scikit-learn: Machine Learning in {P}ython},
 author={Pedregosa, F. and Varoquaux, G. and Gramfort, A. and Michel, V.
         and Thirion, B. and Grisel, O. and Blondel, M. and Prettenhofer, P.
         and Weiss, R. and Dubourg, V. and Vanderplas, J. and Passos, A. and
         Cournapeau, D. and Brucher, M. and Perrot, M. and Duchesnay, E.},
 journal={Journal of Machine Learning Research},
 volume={12},
 pages={2825--2830},
 year={2011}
}